@book{DIY_DRONES,
    place={S.l.},
    title={DIY Drones for the Evil Genius: Design, Build, and Customize Your Own Drones},
    publisher={McGraw-Hill Professional.}
}

@online{PID_1,
    title = {PID tuning on a string setup},
    date = {2016},
    organization = {YouTube},
    author = {srgicsuplb},
    note={\url{https://www.youtube.com/watch?v=0_JXXd2G9yU}}
}

@online{PID_2,
    title = {PID Tuning Made Easy},
    date = {2017},
    organization = {YouTube},
    author = {NeatherBot},
    note={\url{https://www.youtube.com/watch?v=N-z9tBIrOc4}}
}

@book{ARDUINO, title={Arduino Projects Book}, publisher={Arduino}, author={Fitzgerald, Scott and Shiloh, Michael}, year={2013}}

@online{F450,
    title = {FlameWheel450 User Manual, V 2.1},
    date = {March 2013},
    organization = {DJI Innovations},
    note={\url{http://dl.djicdn.com/downloads/flamewheel/en/F450_User_Manual_v2.1_en.pdf}}
}

@online{CHALLENGE,
    title = { 2019-2020 MN Space Grant Consortium (MnSGC) Intercollegiate Quadcopter Challenge},
    organization = {MNSGC},
    date = {2019-2020},
    note={\url{https://dept.aem.umn.edu/msgc/MN_Space_Grant_Quadcopter_Challenge_2019_2020/}}
}

@online{TANOTES,
    title = {TA Notes},
    author = {Bogard, Ben and Van Overschelde, Jamie},
    organization = {Concordia University},
    url = {redacted}
}
